<?xml version="1.0" encoding="UTF-8"?><collection xmlns="http://www.loc.gov/MARC21/slim"><record><leader>00541nam--2200193-i-4500</leader><controlfield tag="001">000030981</controlfield><controlfield tag="002">20161230</controlfield><controlfield tag="005">20161230201038</controlfield><controlfield tag="008">060222s1000------------r-----000-0-eng-d</controlfield><datafield ind1=" " ind2=" " tag="040"><subfield code="a">IFIN-HH</subfield></datafield><datafield ind1=" " ind2=" " tag="080"><subfield code="a">53</subfield></datafield><datafield ind1="1" ind2=" " tag="100"><subfield code="a">Magie, William Francis</subfield></datafield><datafield ind1="1" ind2="0" tag="245"><subfield code="a">A source book in physics</subfield><subfield code="c">William francis magie</subfield></datafield><datafield ind1=" " ind2=" " tag="250"><subfield code="a">First Edition Sixth Printing</subfield></datafield><datafield ind1=" " ind2=" " tag="260"><subfield code="a">New York</subfield><subfield code="b">Mcgraw-hill Book Company</subfield><subfield code="c">1935</subfield></datafield><datafield ind1=" " ind2=" " tag="300"><subfield code="a">XIV+620P</subfield></datafield><datafield ind1=" " ind2=" " tag="490"><subfield code="a">Source Books In The History Of Sciences</subfield></datafield><datafield ind1=" " ind2=" " tag="852"><subfield code="a">1094</subfield><subfield code="c">53</subfield></datafield><datafield ind1=" " ind2=" " tag="CAT"><subfield code="a">Sys</subfield><subfield code="c">20141210</subfield><subfield code="h">191849</subfield></datafield></record></collection>